retrieval_date,listed_currency,exchange_rate,bid_rate,offer_rate,last_updated_time,unit_currency
2025-11-20T10:47:28.884+00:00,AED,2.598350,2.551200,2.645500,2025-11-20T10:30:00.376+00:00,SEK
2025-11-20T10:47:28.884+00:00,AFN,0.143750,0.142600,0.144900,2025-11-20T10:30:00.497+00:00,SEK
2025-11-20T10:47:28.884+00:00,ALL,0.113700,0.112500,0.114900,2025-11-20T10:30:00.548+00:00,SEK
2025-11-20T10:47:28.884+00:00,AMD,0.025050,0.024800,0.025300,2025-11-20T10:30:00.594+00:00,SEK
2025-11-20T10:47:28.884+00:00,ANG,5.296200,5.211800,5.380600,2025-11-20T10:30:00.687+00:00,SEK
2025-11-20T10:47:28.884+00:00,AOA,0.010350,0.010100,0.010600,2025-11-20T10:30:00.592+00:00,SEK
2025-11-20T10:47:28.884+00:00,ARS,0.006762,0.006685,0.006839,2025-11-20T10:30:00.907+00:00,SEK
2025-11-20T10:47:28.884+00:00,AUD,6.188955,6.151230,6.226680,2025-11-20T10:30:00.344+00:00,SEK
2025-11-20T10:47:28.884+00:00,AWG,5.275000,5.150000,5.400000,2025-11-20T10:30:00.989+00:00,SEK
2025-11-20T10:47:28.884+00:00,AZN,5.615000,5.560000,5.670000,2025-11-20T10:30:01.006+00:00,SEK
2025-11-20T10:47:28.884+00:00,BAM,5.610350,5.561700,5.659000,2025-11-20T10:30:00.432+00:00,SEK
2025-11-20T10:47:28.884+00:00,BBD,4.738900,4.672400,4.805400,2025-11-20T10:30:01.036+00:00,SEK
2025-11-20T10:47:28.884+00:00,BDT,0.077850,0.077300,0.078400,2025-11-20T10:30:01.049+00:00,SEK
2025-11-20T10:47:28.884+00:00,BGN,5.624250,5.539100,5.709400,2025-11-20T10:30:00.718+00:00,SEK
2025-11-20T10:47:28.884+00:00,BHD,25.313600,24.801800,25.825400,2025-11-20T10:30:01.207+00:00,SEK
2025-11-20T10:47:28.884+00:00,BIF,0.003233,0.003199,0.003266,2025-11-20T10:30:01.216+00:00,SEK
2025-11-20T10:47:28.884+00:00,BMD,9.543550,9.484600,9.602500,2025-11-20T10:30:00.720+00:00,SEK
2025-11-20T10:47:28.884+00:00,BND,7.302750,7.257500,7.348000,2025-11-20T10:30:01.238+00:00,SEK
2025-11-20T10:47:28.884+00:00,BOB,1.381250,1.362800,1.399700,2025-11-20T10:30:01.240+00:00,SEK
2025-11-20T10:47:28.884+00:00,BRL,1.789336,1.738916,1.839756,2025-11-20T10:30:01.330+00:00,SEK
2025-11-20T10:47:28.884+00:00,BSD,9.543550,9.484600,9.602500,2025-11-20T10:30:01.394+00:00,SEK
2025-11-20T10:47:28.884+00:00,BWP,0.716150,0.630200,0.802100,2025-11-20T10:30:01.337+00:00,SEK
2025-11-20T10:47:28.884+00:00,BYN,2.794950,2.772600,2.817300,2025-11-20T10:30:01.338+00:00,SEK
2025-11-20T10:47:28.884+00:00,BZD,4.745500,4.690700,4.800300,2025-11-20T10:30:01.350+00:00,SEK
2025-11-20T10:47:28.884+00:00,CAD,6.793150,6.751600,6.834700,2025-11-20T10:30:00.773+00:00,SEK
2025-11-20T10:47:28.884+00:00,CDF,0.004193,0.004036,0.004349,2025-11-20T10:30:01.358+00:00,SEK
2025-11-20T10:47:28.884+00:00,CHF,11.838150,11.766000,11.910300,2025-11-20T10:30:01.004+00:00,SEK
2025-11-20T10:47:28.884+00:00,CLP,0.010239,0.010148,0.010331,2025-11-20T10:30:01.537+00:00,SEK
2025-11-20T10:47:28.884+00:00,CNY,1.340900,1.330000,1.351800,2025-11-20T10:30:01.014+00:00,SEK
2025-11-20T10:47:28.884+00:00,COP,0.002569,0.002546,0.002593,2025-11-20T10:30:01.593+00:00,SEK
2025-11-20T10:47:28.884+00:00,CRC,0.019050,0.018700,0.019400,2025-11-20T10:30:01.606+00:00,SEK
2025-11-20T10:47:28.884+00:00,CUP,0.397649,0.395232,0.400065,2025-11-20T10:30:01.631+00:00,SEK
2025-11-20T10:47:28.884+00:00,CVE,0.099300,0.098200,0.100400,2025-11-20T10:30:01.631+00:00,SEK
2025-11-20T10:47:28.884+00:00,CZK,0.455090,0.450920,0.459260,2025-11-20T10:30:01.033+00:00,SEK
2025-11-20T10:47:28.884+00:00,DJF,0.053600,0.053100,0.054100,2025-11-20T10:30:01.746+00:00,SEK
2025-11-20T10:47:28.884+00:00,DKK,1.472805,1.465050,1.480560,2025-11-20T10:30:01.695+00:00,SEK
2025-11-20T10:47:28.884+00:00,DOP,0.150500,0.149100,0.151900,2025-11-20T10:30:02.001+00:00,SEK
2025-11-20T10:47:28.884+00:00,DZD,0.073050,0.069700,0.076400,2025-11-20T10:30:02.001+00:00,SEK
2025-11-20T10:47:28.884+00:00,EGP,0.201186,0.190982,0.211391,2025-11-20T10:30:02.124+00:00,SEK
2025-11-20T10:47:28.884+00:00,ERN,0.633150,0.626100,0.640200,2025-11-20T10:30:00.783+00:00,SEK
2025-11-20T10:47:28.884+00:00,ETB,0.061800,0.061200,0.062400,2025-11-20T10:30:02.151+00:00,SEK
2025-11-20T10:47:28.884+00:00,EUR,11.000200,10.931600,11.068800,2025-11-20T10:30:02.425+00:00,SEK
2025-11-20T10:47:28.884+00:00,FJD,4.171300,4.093000,4.249600,2025-11-20T10:30:02.429+00:00,SEK
2025-11-20T10:47:28.884+00:00,GBP,12.483250,12.397100,12.569400,2025-11-20T10:30:02.439+00:00,SEK
2025-11-20T10:47:28.884+00:00,GEL,3.528750,3.469500,3.588000,2025-11-20T10:30:02.442+00:00,SEK
2025-11-20T10:47:28.884+00:00,GHS,0.867700,0.830900,0.904500,2025-11-20T10:30:02.447+00:00,SEK
2025-11-20T10:47:28.884+00:00,GIP,7.305750,7.260800,7.350700,2025-11-20T10:30:02.450+00:00,SEK
2025-11-20T10:47:28.884+00:00,GMD,0.128800,0.127300,0.130300,2025-11-20T10:30:02.453+00:00,SEK
2025-11-20T10:47:28.884+00:00,GNF,0.001099,0.001090,0.001108,2025-11-20T10:30:02.454+00:00,SEK
2025-11-20T10:47:28.884+00:00,GTQ,1.245900,1.236700,1.255100,2025-11-20T10:30:02.456+00:00,SEK
2025-11-20T10:47:28.884+00:00,GYD,0.045600,0.045000,0.046200,2025-11-20T10:30:02.459+00:00,SEK
2025-11-20T10:47:28.884+00:00,HKD,1.225770,1.215110,1.236430,2025-11-20T10:30:02.469+00:00,SEK
2025-11-20T10:47:28.884+00:00,HNL,0.362700,0.359300,0.366100,2025-11-20T10:30:02.471+00:00,SEK
2025-11-20T10:47:28.884+00:00,HTG,0.072950,0.072300,0.073600,2025-11-20T10:30:02.939+00:00,SEK
2025-11-20T10:47:28.884+00:00,HUF,0.028777,0.028596,0.028958,2025-11-20T10:30:02.477+00:00,SEK
2025-11-20T10:47:28.884+00:00,IDR,0.000570,0.000559,0.000581,2025-11-20T10:30:02.488+00:00,SEK
2025-11-20T10:47:28.884+00:00,ILS,2.928800,2.863200,2.994400,2025-11-20T10:30:02.699+00:00,SEK
2025-11-20T10:47:28.884+00:00,INR,0.107572,0.103865,0.111278,2025-11-20T10:30:02.515+00:00,SEK
2025-11-20T10:47:28.884+00:00,IQD,0.007285,0.006990,0.007580,2025-11-20T10:30:02.518+00:00,SEK
2025-11-20T10:47:28.884+00:00,IRR,0.000227,0.000225,0.000229,2025-11-20T10:30:02.518+00:00,SEK
2025-11-20T10:47:28.884+00:00,ISK,0.074937,0.073131,0.076743,2025-11-20T10:30:02.527+00:00,SEK
2025-11-20T10:47:28.884+00:00,JMD,0.059450,0.058700,0.060200,2025-11-20T10:30:02.764+00:00,SEK
2025-11-20T10:47:28.884+00:00,JOD,13.461250,13.104700,13.817800,2025-11-20T10:30:02.534+00:00,SEK
2025-11-20T10:47:28.884+00:00,JPY,0.060658,0.060288,0.061029,2025-11-20T10:30:02.546+00:00,SEK
2025-11-20T10:47:28.884+00:00,KES,0.073649,0.071449,0.075848,2025-11-20T10:30:02.969+00:00,SEK
2025-11-20T10:47:28.884+00:00,KHR,0.002384,0.002366,0.002402,2025-11-20T10:30:02.971+00:00,SEK
2025-11-20T10:47:28.884+00:00,KMF,0.022450,0.022200,0.022700,2025-11-20T10:30:02.562+00:00,SEK
2025-11-20T10:47:28.884+00:00,KRW,0.006497,0.006400,0.006595,2025-11-20T10:30:03.316+00:00,SEK
2025-11-20T10:47:28.884+00:00,KWD,31.055100,30.385900,31.724300,2025-11-20T10:30:03.324+00:00,SEK
2025-11-20T10:47:28.884+00:00,KZT,0.018399,0.017643,0.019154,2025-11-20T10:30:03.329+00:00,SEK
2025-11-20T10:47:28.884+00:00,LAK,0.000440,0.000434,0.000445,2025-11-20T10:30:03.331+00:00,SEK
2025-11-20T10:47:28.884+00:00,LBP,0.000107,0.000105,0.000108,2025-11-20T10:30:06.566+00:00,SEK
2025-11-20T10:47:28.884+00:00,LKR,0.030980,0.030780,0.031180,2025-11-20T10:30:03.342+00:00,SEK
2025-11-20T10:47:28.884+00:00,LRD,0.053150,0.052600,0.053700,2025-11-20T10:30:03.343+00:00,SEK
2025-11-20T10:47:28.884+00:00,LSL,0.554600,0.551100,0.558100,2025-11-20T10:30:06.498+00:00,SEK
2025-11-20T10:47:28.884+00:00,LYD,1.743650,1.728700,1.758600,2025-11-20T10:30:03.351+00:00,SEK
2025-11-20T10:47:28.884+00:00,MAD,1.027450,1.000700,1.054200,2025-11-20T10:30:03.354+00:00,SEK
2025-11-20T10:47:28.884+00:00,MDL,0.555600,0.546700,0.564500,2025-11-20T10:30:03.357+00:00,SEK
2025-11-20T10:47:28.884+00:00,MGA,0.002115,0.002070,0.002160,2025-11-20T10:30:03.360+00:00,SEK
2025-11-20T10:47:28.884+00:00,MKD,0.178800,0.177000,0.180600,2025-11-20T10:30:03.361+00:00,SEK
2025-11-20T10:47:28.884+00:00,MMK,0.004544,0.004503,0.004586,2025-11-20T10:30:03.365+00:00,SEK
2025-11-20T10:47:28.884+00:00,MNT,0.002650,0.002600,0.002700,2025-11-20T10:30:03.373+00:00,SEK
2025-11-20T10:47:28.884+00:00,MOP,1.189150,1.180900,1.197400,2025-11-20T10:30:03.390+00:00,SEK
2025-11-20T10:47:28.884+00:00,MRO,0.026700,0.026400,0.027000,2025-11-20T10:30:03.369+00:00,SEK
2025-11-20T10:47:28.884+00:00,MUR,0.200650,0.185100,0.216200,2025-11-20T10:30:03.381+00:00,SEK
2025-11-20T10:47:28.884+00:00,MVR,0.617300,0.611900,0.622700,2025-11-20T10:30:03.453+00:00,SEK
2025-11-20T10:47:28.884+00:00,MWK,0.005500,0.005400,0.005600,2025-11-20T10:30:03.387+00:00,SEK
2025-11-20T10:47:28.884+00:00,MXN,0.520350,0.511400,0.529300,2025-11-20T10:30:03.395+00:00,SEK
2025-11-20T10:47:28.884+00:00,MYR,2.296227,2.200276,2.392178,2025-11-20T10:30:03.410+00:00,SEK
2025-11-20T10:47:28.884+00:00,MZN,0.149450,0.147000,0.151900,2025-11-20T10:30:03.411+00:00,SEK
2025-11-20T10:47:28.884+00:00,NAD,0.554600,0.551100,0.558100,2025-11-20T10:30:00.926+00:00,SEK
2025-11-20T10:47:28.884+00:00,NGN,0.006595,0.006465,0.006726,2025-11-20T10:30:03.526+00:00,SEK
2025-11-20T10:47:28.884+00:00,NIO,0.259350,0.256300,0.262400,2025-11-20T10:30:03.529+00:00,SEK
2025-11-20T10:47:28.884+00:00,NOK,0.938545,0.931360,0.945730,2025-11-20T10:30:04.216+00:00,SEK
2025-11-20T10:47:28.884+00:00,NPR,0.067250,0.066800,0.067700,2025-11-20T10:30:04.217+00:00,SEK
2025-11-20T10:47:28.884+00:00,NZD,5.360850,5.322700,5.399000,2025-11-20T10:30:04.216+00:00,SEK
2025-11-20T10:47:28.884+00:00,OMR,24.789050,24.281900,25.296200,2025-11-20T10:30:04.250+00:00,SEK
2025-11-20T10:47:28.884+00:00,PAB,9.543700,9.484800,9.602600,2025-11-20T10:30:04.219+00:00,SEK
2025-11-20T10:47:28.884+00:00,PEN,2.823984,2.803899,2.844070,2025-11-20T10:30:04.219+00:00,SEK
2025-11-20T10:47:28.884+00:00,PGK,2.258450,2.173100,2.343800,2025-11-20T10:30:04.255+00:00,SEK
2025-11-20T10:47:28.884+00:00,PHP,0.161579,0.147692,0.175466,2025-11-20T10:30:04.262+00:00,SEK
2025-11-20T10:47:28.884+00:00,PKR,0.033785,0.032170,0.035400,2025-11-20T10:30:04.248+00:00,SEK
2025-11-20T10:47:28.884+00:00,PLN,2.599500,2.573100,2.625900,2025-11-20T10:30:04.269+00:00,SEK
2025-11-20T10:47:28.884+00:00,PYG,0.001350,0.001300,0.001400,2025-11-20T10:30:04.269+00:00,SEK
2025-11-20T10:47:28.884+00:00,QAR,2.618900,2.564300,2.673500,2025-11-20T10:30:04.271+00:00,SEK
2025-11-20T10:47:28.884+00:00,RON,2.161800,2.118100,2.205500,2025-11-20T10:30:04.277+00:00,SEK
2025-11-20T10:47:28.884+00:00,RSD,0.093800,0.092300,0.095300,2025-11-20T10:30:04.281+00:00,SEK
2025-11-20T10:47:28.884+00:00,RUB,0.118345,0.115460,0.121230,2025-11-20T10:30:04.303+00:00,SEK
2025-11-20T10:47:28.884+00:00,RWF,0.006600,0.006500,0.006700,2025-11-20T10:30:04.305+00:00,SEK
2025-11-20T10:47:28.884+00:00,SAR,2.544500,2.506000,2.583000,2025-11-20T10:30:04.286+00:00,SEK
2025-11-20T10:47:28.884+00:00,SBD,1.156850,1.130700,1.183000,2025-11-20T10:30:04.327+00:00,SEK
2025-11-20T10:47:28.884+00:00,SCR,0.678450,0.651200,0.705700,2025-11-20T10:30:04.328+00:00,SEK
2025-11-20T10:47:28.884+00:00,SDG,0.015900,0.015700,0.016100,2025-11-20T10:30:06.501+00:00,SEK
2025-11-20T10:47:28.884+00:00,SEK,1.000000,1.000000,1.000000,2025-11-20T10:47:28.884+00:00,SEK
2025-11-20T10:47:28.884+00:00,SGD,7.302900,7.258200,7.347600,2025-11-20T10:30:05.208+00:00,SEK
2025-11-20T10:47:28.884+00:00,SLL,0.000450,0.000400,0.000500,2025-11-20T10:30:05.211+00:00,SEK
2025-11-20T10:47:28.884+00:00,SOS,0.016750,0.016500,0.017000,2025-11-20T10:30:05.215+00:00,SEK
2025-11-20T10:47:28.884+00:00,SRD,0.247750,0.244600,0.250900,2025-11-20T10:30:05.215+00:00,SEK
2025-11-20T10:47:28.884+00:00,STD,0.000450,0.000400,0.000500,2025-11-20T10:30:05.221+00:00,SEK
2025-11-20T10:47:28.884+00:00,STN,0.444550,0.437300,0.451800,2025-11-20T10:30:06.500+00:00,SEK
2025-11-20T10:47:28.884+00:00,SVC,1.090150,1.082900,1.097400,2025-11-20T10:30:05.221+00:00,SEK
2025-11-20T10:47:28.884+00:00,SYP,0.000850,0.000800,0.000900,2025-11-20T10:30:05.223+00:00,SEK
2025-11-20T10:47:28.884+00:00,SZL,0.554950,0.551100,0.558800,2025-11-20T10:30:05.223+00:00,SEK
2025-11-20T10:47:28.884+00:00,THB,0.294190,0.290590,0.297790,2025-11-20T10:30:05.925+00:00,SEK
2025-11-20T10:47:28.884+00:00,TMT,2.727100,2.706600,2.747600,2025-11-20T10:30:06.530+00:00,SEK
2025-11-20T10:47:28.884+00:00,TND,3.223550,3.053600,3.393500,2025-11-20T10:30:05.920+00:00,SEK
2025-11-20T10:47:28.884+00:00,TOP,3.949750,3.820800,4.078700,2025-11-20T10:30:05.960+00:00,SEK
2025-11-20T10:47:28.884+00:00,TRY,0.224750,0.220100,0.229400,2025-11-20T10:30:05.972+00:00,SEK
2025-11-20T10:47:28.884+00:00,TTD,1.406500,1.389600,1.423400,2025-11-20T10:30:05.995+00:00,SEK
2025-11-20T10:47:28.884+00:00,TWD,0.305484,0.299695,0.311272,2025-11-20T10:30:05.974+00:00,SEK
2025-11-20T10:47:28.884+00:00,TZS,0.003910,0.003849,0.003971,2025-11-20T10:30:05.975+00:00,SEK
2025-11-20T10:47:28.884+00:00,UAH,0.226204,0.213796,0.238612,2025-11-20T10:30:05.983+00:00,SEK
2025-11-20T10:47:28.884+00:00,UGX,0.002650,0.002600,0.002700,2025-11-20T10:30:05.984+00:00,SEK
2025-11-20T10:47:28.884+00:00,USD,9.543500,9.473300,9.613700,2025-11-20T10:30:06.428+00:00,SEK
2025-11-20T10:47:28.884+00:00,UYU,0.239600,0.238000,0.241200,2025-11-20T10:30:06.454+00:00,SEK
2025-11-20T10:47:28.884+00:00,UZS,0.000802,0.000792,0.000811,2025-11-20T10:30:06.460+00:00,SEK
2025-11-20T10:47:28.884+00:00,VEF,0.000038,0.000038,0.000039,2025-11-20T10:30:06.432+00:00,SEK
2025-11-20T10:47:28.884+00:00,VND,0.000362,0.000359,0.000365,2025-11-20T10:30:06.464+00:00,SEK
2025-11-20T10:47:28.884+00:00,VUV,0.078600,0.077900,0.079300,2025-11-20T10:30:06.468+00:00,SEK
2025-11-20T10:47:28.884+00:00,WST,3.401950,3.276300,3.527600,2025-11-20T10:30:06.471+00:00,SEK
2025-11-20T10:47:28.884+00:00,XAF,0.016550,0.016200,0.016900,2025-11-20T10:30:06.475+00:00,SEK
2025-11-20T10:47:28.884+00:00,XCD,3.528350,3.487300,3.569400,2025-11-20T10:30:06.475+00:00,SEK
2025-11-20T10:47:28.884+00:00,XCG,5.296150,5.211800,5.380500,2025-11-20T10:30:06.496+00:00,SEK
2025-11-20T10:47:28.884+00:00,XOF,0.016850,0.016600,0.017100,2025-11-20T10:30:06.478+00:00,SEK
2025-11-20T10:47:28.884+00:00,XPF,0.092050,0.091000,0.093100,2025-11-20T10:30:06.480+00:00,SEK
2025-11-20T10:47:28.884+00:00,YER,0.040050,0.039700,0.040400,2025-11-20T10:30:06.485+00:00,SEK
2025-11-20T10:47:28.884+00:00,ZAR,0.554650,0.543400,0.565900,2025-11-20T10:30:06.491+00:00,SEK
2025-11-20T10:47:28.884+00:00,ZMW,0.418150,0.415100,0.421200,2025-11-20T10:30:06.464+00:00,SEK
